@article{weko_158114_1,
author = {Takeshi, Sakai and Masaru, Fukushi},
journal = {情報処理学会論文誌},
number = {3},
title = {{A Reliable Volunteer Computing System with Credibility-based Voting}},
volume = {57},
year = {2016}
}
@article{weko_148193_1,
author = {Fumiaki, Sato},
journal = {情報処理学会論文誌},
number = {2},
title = {{A Reputation System that Resists a Collusive Attack Focused on a Specific Target}},
volume = {57},
year = {2016}
}
@article{weko_147449_1,
author = {Pasinee, Apisakmontri and Ekawit, Nantajeewarawat and Mitsuru, Ikeda and Marut, Buranarach},
journal = {情報処理学会論文誌},
number = {1},
title = {{An Ontology-based Framework for Semantic Reconciliation in Humanitarian Aid in Emergency Information Systems}},
volume = {57},
year = {2016}
}
@article{weko_158148_1,
author = {Takuji, Shimamawari and Koji, Eguchi and Atsuhiro, Takasu},
journal = {情報処理学会論文誌},
number = {3},
title = {{Bayesian Non-parametric Inference of Multimodal Topic Hierarchies}},
volume = {57},
year = {2016}
}
@article{2017i,
author = {永海, 昂 and 岸本, 良一 and 堀内, 匡},
doi = {10.3156/jsoft.29.2_551},
journal = {知能と情報},
number = {2},
pages = {551--557},
title = {{CPGと強化学習を用いたヘビ型ロボットの目標到達行動の獲得}},
volume = {29},
year = {2017}
}
@techreport{weko_157919_1,
author = {Jason, Paul Cruz and Yuichi, Kaji},
institution = {Nara Institute of Science and Technology, Graduate School of Information Science, Nara Institute of Science and Technology, Graduate School of Information Science},
number = {7},
title = {{E-voting System Based on the Bitcoin Protocol and Blind Signatures}},
year = {2016}
}
@article{weko_148195_1,
author = {早川, 智一 and 疋田, 輝雄},
journal = {情報処理学会論文誌},
number = {2},
pages = {573--582},
title = {{HTML5を用いた仮想Webブラウザの提案と評価}},
volume = {57},
year = {2016}
}
@article{2017,
author = {ジメネス, フェリックス and 吉川, 大弘 and 古橋, 武 and 加納, 政芳 and 中村, 剛士},
doi = {10.1527/tjsai.A-H11},
journal = {人工知能学会論文誌},
number = {5},
pages = {A--H11{\_}1--11},
title = {{Learning by Teachingを促すロボットと発達障害の可能性を持つ児童との共同学習による学習時間増加の可能性}},
volume = {32},
year = {2017}
}
@article{weko_158127_1,
author = {Kazuhiro, Yamashita and Yasutaka, Kamei and Shane, McIntosh and {Ahmed E.}, Hassan and Naoyasu, Ubayashi},
journal = {情報処理学会論文誌},
number = {3},
title = {{Magnet or Sticky? Measuring Project Characteristics from the Perspective of Developer Attraction and Retention}},
volume = {57},
year = {2016}
}
@article{weko_158130_1,
author = {福井, 宏 and 山下, 隆義 and 山内, 悠嗣 and 藤吉, 弘亘 and 村瀬, 洋},
journal = {情報処理学会論文誌},
number = {3},
pages = {910--921},
title = {{Random DropoutとEnsemble Inference Networksによる歩行者検出と標識認識}},
volume = {57},
year = {2016}
}
@article{2016,
author = {荒井, 大地 and 兼岩, 憲},
doi = {10.1527/tjsai.B-G34},
journal = {人工知能学会論文誌},
number = {1},
pages = {B--G34{\_}1--12},
title = {{RDFグラフの冗長な特徴表現に対するカーネル関数とその高速計算}},
volume = {32},
year = {2016}
}
@article{weko_158144_1,
author = {河野, 圭太 and 中村, 素典},
journal = {情報処理学会論文誌},
number = {3},
pages = {1008--1021},
title = {{Shibbolethによる認証フェデレーションのための認証方式グループ化機能の開発}},
volume = {57},
year = {2016}
}
@article{weko_148213_1,
author = {奥原, 颯 and 北森, 邦明 and 宇佐美, 公良 and 天野, 英晴},
journal = {情報処理学会論文誌},
number = {2},
pages = {708--717},
title = {{SOTB MOSFETを用いた汎用マイクロコントローラV850の動的ボディバイアス制御の検討}},
volume = {57},
year = {2016}
}
@article{weko_158146_1,
author = {Toshihiko, Takahashi},
journal = {情報処理学会論文誌},
number = {3},
title = {{The Simplest and Smallest Network on Which the Ford-Fulkerson Maximum Flow Procedure May Fail to Terminate}},
volume = {57},
year = {2016}
}
@article{weko_158119_1,
author = {Joseph, Korpela and Ryosuke, Miyaji and Takuya, Maekawa and Kazunori, Nozaki and Hiroo, Tamagawa},
journal = {情報処理学会論文誌},
number = {3},
title = {{Toothbrushing Performance Evaluation Using Smartphone Audio Based on Hybrid HMM-recognition/SVM-regression Model}},
volume = {57},
year = {2016}
}
@article{weko_148197_1,
author = {Satomi, Saito and Koji, Maruhashi and Masahiko, Takenaka and Satoru, Torii},
journal = {情報処理学会論文誌},
number = {2},
title = {{TOPASE: Detection and Prevention of Brute Force Attacks with Disciplined IPs from IDS Logs}},
volume = {57},
year = {2016}
}
@article{2017dd,
author = {川澄, 未来子 and 高幡, 幸太郎 and 阿部, 智仁 and 安達, 勝一 and 花井, 雅敏},
doi = {10.5057/jjske.TJSKE-D-16-00060},
journal = {日本感性工学会論文誌},
number = {1},
pages = {91--101},
title = {インターホン玄関子機の視覚情報表示を活用したインタラクションの試み},
volume = {16},
year = {2017}
}
@article{2016a,
author = {伊東, 嗣功 and 山ノ井, 髙洋 and 本多, 慶大 and 工藤, 卓},
doi = {10.3156/jsoft.28.647},
journal = {知能と情報},
number = {3},
pages = {647--654},
title = {{ウェアラブル脳波遠隔計測システムAir Brainの記号識別機能の検証}},
volume = {28},
year = {2016}
}
@article{2017a,
author = {金川, 絵利子 and 岡留, 剛},
doi = {10.1527/tjsai.F-G94},
journal = {人工知能学会論文誌},
number = {3},
pages = {F--G94{\_}1--14},
title = {カーネル法による構文に着目した作家の文体の特徴づけと類似性分析},
volume = {32},
year = {2017}
}
@article{2017b,
author = {芦川, 将之 and 川村, 隆浩 and 大須賀, 昭彦},
doi = {10.1527/tjsai.B-G81},
journal = {人工知能学会論文誌},
number = {3},
pages = {B--G81{\_}1--13},
title = {クラウドソーシングワーカーの段階的育成方法の提案},
volume = {32},
year = {2017}
}
@article{weko_148194_1,
author = {藪崎, 仁史 and 中越, 洋 and 村山, 耕一 and 加藤, 崇利},
journal = {情報処理学会論文誌},
number = {2},
pages = {562--572},
title = {クラウドにおける自律的な応答性向上に向けた広域スケーリング},
volume = {57},
year = {2016}
}
@article{2016b,
author = {奥嶋, 政嗣},
doi = {10.3156/jsoft.28.846},
journal = {知能と情報},
number = {5},
pages = {846--854},
title = {クリーンエネルギー車両普及促進に関するマルチエージェントシミュレーション},
volume = {28},
year = {2016}
}
@article{2017f,
author = {島田, 達朗 and 櫻井, 彰人},
doi = {10.3156/jsoft.29.4_611},
journal = {知能と情報},
number = {4},
pages = {611--618},
title = {コミュニティサイトにおける共感を求める質問の認識},
volume = {29},
year = {2017}
}
@article{2017c,
author = {田頭, 幸浩 and 堀田, 徹 and 田中, 祐介 and 小野, 真吾 and 塚本, 浩司 and 田島, 玲},
doi = {10.1527/tjsai.A-H52},
journal = {人工知能学会論文誌},
number = {6},
pages = {A--H52{\_}1--10},
title = {コンテキスト広告におけるクリックログを用いた効率的な広告引き当て手法},
volume = {32},
year = {2017}
}
@techreport{weko_157918_1,
author = {藏重, 昂平 and 瀬尾, 茂人 and 竹中, 要一 and 松田, 秀雄},
institution = {大阪大学大学院情報科学研究科, 大阪大学大学院情報科学研究科, 大阪大学大学院情報科学研究科, 大阪大学大学院情報科学研究科},
number = {6},
title = {コンポーネントツリーとデータアソシエーションを用いた細胞追跡手法},
year = {2016}
}
@article{2016c,
author = {大保, 武慶 and 久保田, 直行},
doi = {10.3156/jsoft.28.627},
journal = {知能と情報},
number = {3},
pages = {627--638},
title = {ジェスチャ認識のための構造化学習に基づく進化型ファジィニューラルネットワーク},
volume = {28},
year = {2016}
}
@article{weko_158115_1,
author = {山本, 優 and 西村, 祐介 and 福間, 慎治 and 森, 眞一郎},
journal = {情報処理学会論文誌},
number = {3},
pages = {823--835},
title = {シミュレーションキャッシングフレームワークの実装},
volume = {57},
year = {2016}
}
@article{2016d,
author = {井上, 晴可 and 今井, 龍一 and 窪田, 諭 and 田中, 成典 and 重高, 浩一},
doi = {10.3156/jsoft.28.855},
journal = {知能と情報},
number = {5},
pages = {855--874},
title = {スマートフォンを用いた信頼性の高い歩行者トリップデータの取得手法に関する研究},
volume = {28},
year = {2016}
}
@techreport{weko_157917_1,
author = {田川, 聖治 and 藤田, 翔平},
institution = {近畿大学, 近畿大学},
number = {5},
title = {チェビシェフの不等式を用いた予測区間に基づくロバスト最適化},
year = {2016}
}
@article{2017by,
author = {竹之下, 遼 and 原田, 利宣 and 小野, 謙二},
doi = {10.5057/jjske.TJSKE-D-17-00052},
journal = {日本感性工学会論文誌},
number = {1},
pages = {11--20},
title = {{データマイニングを用いた２種類の酒類におけるWeb上の感性情報の比較と視覚化}},
volume = {17},
year = {2017}
}
@article{2017g,
author = {郷古, 学 and 金, 天海},
doi = {10.1527/tjsai.E-H31},
journal = {人工知能学会論文誌},
number = {5},
pages = {E--H31{\_}1--8},
title = {テーブル上の物体の片付けを促すためのロボットの振る舞い},
volume = {32},
year = {2017}
}
@article{2018,
author = {辻, 順平 and 能登, 正人},
doi = {10.1527/tjsai.C-H98},
journal = {人工知能学会論文誌},
number = {2},
pages = {C--H98{\_}1--9},
title = {テーマパーク問題におけるパレート最適性を考慮した滞在時間短縮フレームワーク},
volume = {33},
year = {2018}
}
@article{2017cb,
author = {二瓶, 裕司 and 南, 哲人 and 中内, 茂樹},
doi = {10.5057/jjske.TJSKE-D-17-00051},
journal = {日本感性工学会論文誌},
number = {1},
pages = {169--175},
title = {パレイドリア現象における瞳孔径応答},
volume = {17},
year = {2017}
}
@article{2016e,
author = {野津, 亮 and 河上, 寛和 and 本多, 克宏 and 生方, 誠希},
doi = {10.3156/jsoft.28.522},
journal = {知能と情報},
number = {1},
pages = {522--534},
title = {バンディットアルゴリズムに基づいた汎用最適化手法の開発},
volume = {28},
year = {2016}
}
@article{2017bd,
author = {鶴, 鉄雄 and 菅原, 正博},
doi = {10.5057/jjske.TJSKE-D-17-00006},
journal = {日本感性工学会論文誌},
number = {3},
pages = {371--378},
title = {ファッション感性価値評価に関する一考察},
volume = {16},
year = {2017}
}
@article{weko_147448_1,
author = {伊藤, 淳子 and 桑野, 優基 and 宗森, 純},
journal = {情報処理学会論文誌},
number = {1},
pages = {294--304},
title = {{フォトウォークとSNSの利用による運動継続支援システムの提案と適用}},
volume = {57},
year = {2016}
}
@article{weko_148217_1,
author = {大月, 勇人 and 瀧本, 栄二 and 齋藤, 彰一 and 毛利, 公一},
journal = {情報処理学会論文誌},
number = {2},
pages = {756--768},
title = {ブランチトレース機能を用いたシステムコール呼び出し元識別手法},
volume = {57},
year = {2016}
}
@article{weko_147446_1,
author = {服部, 哲 and 鈴木, 浩 and 速水, 治夫},
journal = {情報処理学会論文誌},
number = {1},
pages = {270--279},
title = {ポスター上の任意の座標位置にデジタル情報を関連付け可能なコンテンツオーサリングツールの開発},
volume = {57},
year = {2016}
}
@article{weko_147445_1,
author = {佐々木, 孝輔 and 平田, 章 and 井上, 智雄},
journal = {情報処理学会論文誌},
number = {1},
pages = {260--269},
title = {マイクロタスクによる線画イラスト生成手法},
volume = {57},
year = {2016}
}
@article{2018a,
author = {高下, 直登 and 佐野, 彰},
doi = {10.1527/tjsai.A-H61},
journal = {人工知能学会論文誌},
number = {2},
pages = {A--H61{\_}1--10},
title = {マルチエージェントモデルの流量関数近似による避難シミュレーション手法},
volume = {33},
year = {2018}
}
@article{2016f,
author = {岡田, 将吾 and 松儀, 良広 and 中野, 有紀子 and 林, 佑樹 and 黄, 宏軒 and 高瀬, 裕 and 新田, 克己},
doi = {10.1527/tjsai.AI30-E},
journal = {人工知能学会論文誌},
number = {6},
pages = {AI30--E{\_}1--12},
title = {マルチモーダル情報に基づくグループ会話におけるコミュニケーション能力の推定},
volume = {31},
year = {2016}
}
@article{2017j,
author = {高橋, 伸弥 and 橋本, 浩二 and 前田, 佐嘉志 and 鶴田, 直之 and 藍, 浩之},
doi = {10.1527/tjsai.B-GC2},
journal = {人工知能学会論文誌},
number = {4},
pages = {B--GC2{\_}1--11},
title = {ミツバチコロニーの巣内行動観察システムの開発},
volume = {32},
year = {2017}
}
@article{2016g,
author = {小林, 峻也 and 萩原, 将文},
doi = {10.1527/tjsai.DSF-502},
journal = {人工知能学会論文誌},
number = {1},
pages = {DSF--A{\_}1--10},
title = {ユーザの嗜好や人間関係を考慮する非タスク指向型対話システム},
volume = {31},
year = {2016}
}
@article{2017k,
author = {岩澤, 有祐 and 矢入, 郁子 and 松尾, 豊},
doi = {10.1527/tjsai.A-GB5},
journal = {人工知能学会論文誌},
number = {4},
pages = {A--GB5{\_}1--12},
title = {ユーザ敵対型ニューラルネットワーク},
volume = {32},
year = {2017}
}
@article{2017y,
author = {北本, 拓磨 and 松本, 太輝 and 六本木, 誠 and 渡邊, 信一 and 添田, 泰弘 and 長谷川, 光司},
doi = {10.5057/jjske.TJSKE-D-17-00029},
journal = {日本感性工学会論文誌},
number = {5},
pages = {465--471},
title = {レモン香気評価における芳香成分の温度および濃度の影響について},
volume = {16},
year = {2017}
}
@article{2017h,
author = {吉田, 智哉 and 小林, 一行 and 渡辺, 嘉二郎 and 栗原, 陽介 and 城井, 信正},
doi = {10.3156/jsoft.29.2_543},
journal = {知能と情報},
number = {2},
pages = {543--550},
title = {圧電素子の焦電効果を用いた呼吸数検出法とブザー音による警報装置を用いたトリアージ補助装置},
volume = {29},
year = {2017}
}
@article{2017z,
author = {吉田, 宏昭 and 大皿, 知可子 and 上條, 正義},
doi = {10.5057/jjske.TJSKE-D-17-00072},
journal = {日本感性工学会論文誌},
number = {5},
pages = {457--463},
title = {衣服着用時の意識が歩行動作に与える影響},
volume = {16},
year = {2017}
}
@article{2016h,
author = {伊藤, 詩乃 and 田中, 佑岳 and 狩野, 芳伸 and 榊原, 康文},
doi = {10.1527/tjsai.AI30-G},
journal = {人工知能学会論文誌},
number = {6},
pages = {AI30--G{\_}1--9},
title = {医師国家試験を自動解答するプログラムの構築},
volume = {31},
year = {2016}
}
@article{2017e,
author = {服部, 俊一 and 三澤, 遼理 and 石川, 博 and 高間, 康史},
doi = {10.3156/jsoft.29.4_628},
journal = {知能と情報},
number = {4},
pages = {628--636},
title = {価値観モデルを適用した協調フィルタリングによるハイブリッド型推薦手法},
volume = {29},
year = {2017}
}
@article{weko_148216_1,
author = {梶田, 宗吾 and 山口, 弘純 and 東野, 輝夫 and 梅原, 茂樹 and 齊藤, 文哉 and 浦山, 博史 and 山田, 雅也 and 前野, 誉 and 金田, 茂 and 高井, 峰生},
journal = {情報処理学会論文誌},
number = {2},
pages = {745--755},
title = {{過密干渉環境における無線LANチャネルの性能予測手法}},
volume = {57},
year = {2016}
}
@article{weko_148192_1,
author = {宇佐美, 格 and 王, 亜楠 and 高橋, 淳二 and 斉藤, 裕樹 and 戸辺, 義人},
journal = {情報処理学会論文誌},
number = {2},
pages = {553--561},
title = {携帯端末を用いたミーティング定量評価システムの構築},
volume = {57},
year = {2016}
}
@techreport{weko_157916_1,
author = {上水流, 歩望 and 佐藤, 裕二},
institution = {法政大学, 法政大学},
number = {4},
title = {決定的アルゴリズムを併用した遺伝的アルゴリズムによるピクロス解決の効率化},
year = {2016}
}
@article{2017l,
author = {新美, 潤一郎 and 星野, 崇宏},
doi = {10.1527/tjsai.B-G63},
journal = {人工知能学会論文誌},
number = {2},
pages = {B--G63{\_}1--9},
title = {顧客行動の多様性変数を利用した購買行動の予測},
volume = {32},
year = {2017}
}
@article{2017dc,
author = {神武, 里奈 and 星野, 准一},
doi = {10.5057/jjske.TJSKE-D-16-00093},
journal = {日本感性工学会論文誌},
number = {3},
pages = {299--306},
title = {好みの顔画像の色に基づくメイクアップ支援システム},
volume = {16},
year = {2017}
}
@article{2016i,
author = {大塚, 孝信 and 鳥居, 義高 and 伊藤, 孝行},
doi = {10.1527/tjsai.AI30-F},
journal = {人工知能学会論文誌},
number = {6},
pages = {AI30--F{\_}1--9},
title = {{災害被害把握を目的とした自律分散WSNの課題と実装}},
volume = {31},
year = {2016}
}
@article{2016j,
author = {赤尾, 優希 and 林, 雄介 and 平嶋, 宗},
doi = {10.1527/tjsai.D-G33},
journal = {人工知能学会論文誌},
number = {5},
pages = {D--G33{\_}1--10},
title = {作問課題変更演習の設計 ・開発とその評価 ― 作問プロセスの自己説明活動として―},
volume = {31},
year = {2016}
}
@article{2016k,
author = {手塚, 太郎 and 清野, 悠希 and 古谷, 遼平 and 佐藤, 哲司},
doi = {10.3156/jsoft.28.952},
journal = {知能と情報},
number = {6},
pages = {952--962},
title = {姿勢計測によるe-learning受講者の行動推定},
volume = {28},
year = {2016}
}
@article{2016l,
author = {谷津, 元樹 and 荒木, 健治},
doi = {10.3156/jsoft.28.875},
journal = {知能と情報},
number = {5},
pages = {875--886},
title = {{子音の音韻類似性及びSVMを用いた駄洒落検出手法}},
volume = {28},
year = {2016}
}
@article{weko_147444_1,
author = {根本, 啓一 and 高橋, 正道 and 堀田, 竜士 and 林, 直樹},
journal = {情報処理学会論文誌},
number = {1},
pages = {248--259},
title = {時間区間ごとの発話順序ネットワーク構造に着目したワールドカフェ型のダイアログの計測と評価},
volume = {57},
year = {2016}
}
@article{weko_148218_1,
author = {西川, 仁 and 有田, 一穂 and 田中, 克己 and 平尾, 努 and 牧野, 俊朗 and 松尾, 義博},
journal = {情報処理学会論文誌},
number = {2},
pages = {769--782},
title = {識別的半マルコフモデルによるテキスト結束性を考慮した単一文書要約},
volume = {57},
year = {2016}
}
@article{2017cx,
author = {月元, 敬},
doi = {10.5057/jjske.TJSKE-D-16-00091},
journal = {日本感性工学会論文誌},
number = {3},
pages = {293--298},
title = {実在ロボットに対する不気味の谷現象に関する感性評価研究},
volume = {16},
year = {2017}
}
@article{2016m,
author = {田中, 成典 and 窪田, 諭 and 中村, 健二},
doi = {10.3156/jsoft.28.775},
journal = {知能と情報},
number = {5},
pages = {775--790},
title = {{社会基盤施設を対象とした汎用３次元CADエンジンの開発と適用}},
volume = {28},
year = {2016}
}
@article{2016n,
author = {早川, 和輝 and 長谷川, 大 and 佐久田, 博司},
doi = {10.3156/jsoft.28.511},
journal = {知能と情報},
number = {1},
pages = {511--521},
title = {{主観視点の3D手本動作教材提示によるドラム演奏学習支援および熟練者視線情報を利用した教材による学習効果}},
volume = {28},
year = {2016}
}
@article{weko_148196_1,
author = {石, 芳正 and 川上, 朋也 and 義久, 智樹 and 寺西, 裕一},
journal = {情報処理学会論文誌},
number = {2},
pages = {583--596},
title = {{収集周期の異なるセンサデータストリームのための上限ホップ数を設けたP2P型配信システムの実現と評価}},
volume = {57},
year = {2016}
}
@article{2016o,
author = {渡邊, 紀文 and 森, 文彦 and 大森, 隆司},
doi = {10.3156/jsoft.28.608},
journal = {知能と情報},
number = {3},
pages = {608--616},
title = {周辺視ディスプレイと振動デバイスを利用した歩行誘導効果と感覚統合のモデル構築},
volume = {28},
year = {2016}
}
@article{2017bv,
author = {保田, 敬一 and 川本, 篤志 and 白木, 渡 and 井面, 仁志},
doi = {10.5057/jjske.TJSKE-D-17-00071},
journal = {日本感性工学会論文誌},
number = {1},
pages = {41--51},
title = {住民の感性が橋梁長寿命化修繕計画実施に与える影響と基礎的考察},
volume = {17},
year = {2017}
}
@article{weko_147452_1,
author = {榎原, 博之 and 中山, 弘基 and 飯田, 修平 and 長辻, 亮太},
journal = {情報処理学会論文誌},
number = {1},
pages = {331--342},
title = {巡回セールスマン問題に対する並列コンサルタント誘導型探索アルゴリズム},
volume = {57},
year = {2016}
}
@article{weko_147443_1,
author = {槇原, 絵里奈 and 藤原, 賢二 and 井垣, 宏 and 吉田, 則裕 and 飯田, 元},
journal = {情報処理学会論文誌},
number = {1},
pages = {236--247},
title = {{初学者向けプログラミング演習のための探索的プログラミング支援環境Pocketsの提案}},
volume = {57},
year = {2016}
}
@article{2017bc,
author = {古屋, 肇子 and 水野（松本）, 由子 and 石垣, 恭子 and 西村, 治彦},
doi = {10.5057/jjske.TJSKE-D-17-00005},
journal = {日本感性工学会論文誌},
number = {5},
pages = {449--456},
title = {女性看護師のメンタルヘルスへの家族構成とサポートの影響分析},
volume = {16},
year = {2017}
}
@article{2016p,
author = {日高, 昇平},
doi = {10.1527/tjsai.AI30-H},
journal = {人工知能学会論文誌},
number = {6},
pages = {AI30--H{\_}1--10},
title = {情報の伝達から理解へ},
volume = {31},
year = {2016}
}
@article{2017m,
author = {林, 勇吾},
doi = {10.1527/tjsai.E-G91},
journal = {人工知能学会論文誌},
number = {4},
pages = {E--G91{\_}1--9},
title = {信頼構築プロセスが協同問題解決の視点取得に及ぼす影響：エージェントを利用した実験的検討},
volume = {32},
year = {2017}
}
@article{2017bw,
author = {佐々木, 和也 and 石川, 智治 and 森, 博志 and 阿山, みよし and 吉葉, 光雄 and 金子, 優},
doi = {10.5057/jjske.TJSKE-D-16-00002},
journal = {日本感性工学会論文誌},
number = {2},
pages = {237--244},
title = {心理評価と物理計測による結城紬の風合い特徴の分析},
volume = {16},
year = {2017}
}
@article{weko_147442_1,
author = {大西, 裕也 and 田中, 一晶 and 中西, 英之},
journal = {情報処理学会論文誌},
number = {1},
pages = {228--235},
title = {身体映像の部分的実体化によるソーシャルテレプレゼンスの強化},
volume = {57},
year = {2016}
}
@article{2017n,
author = {左文字, 響 and 渡邉, 真也},
doi = {10.1527/tjsai.E-GB1},
journal = {人工知能学会論文誌},
number = {3},
pages = {E--GB1{\_}1--12},
title = {進化型多目的最適化における探索履歴を活用した局所解脱出と集中探索メカニズム},
volume = {32},
year = {2017}
}
@article{2017o,
author = {四元, 辰平 and 塩塚, 大 and 川村, 尚生 and 高橋, 健一 and 菅原, 一孔},
doi = {10.1527/tjsai.AG16-J},
journal = {人工知能学会論文誌},
number = {5},
pages = {AG16--J{\_}1--10},
title = {人物追跡システムにおけるセンサの不確実性に対応するための隠れ隣接関係の導出},
volume = {32},
year = {2017}
}
@article{2016q,
author = {西垣, 貴央 and 新田, 克己 and 小野田, 崇},
doi = {10.1527/tjsai.D-FB1},
journal = {人工知能学会論文誌},
number = {4},
pages = {D--FB1{\_}1--13},
title = {制約付き独立話題分析},
volume = {31},
year = {2016}
}
@article{2016r,
author = {石川, 翔太 and 荒井, 幸代},
doi = {10.1527/tjsai.D-F32},
journal = {人工知能学会論文誌},
number = {2},
pages = {D--F32{\_}1--8},
title = {先行車情報の共有が自然渋滞に与える影響の解析},
volume = {31},
year = {2016}
}
@article{weko_148214_1,
author = {梅田, 弾 and 鈴木, 貴広 and 見神, 広紀 and 木村, 啓二 and 笠原, 博徳},
journal = {情報処理学会論文誌},
number = {2},
pages = {718--729},
title = {組み込み向けモデルベース開発アプリケーションのプロファイル情報を用いたマルチコア用マルチグレイン並列処理},
volume = {57},
year = {2016}
}
@article{weko_148215_1,
author = {佐々木, 隆益 and 吉岡, 信和 and 田原, 康之 and 大須賀, 昭彦},
journal = {情報処理学会論文誌},
number = {2},
pages = {730--744},
title = {組込み向け進化型ソフトウェアの効率的な拡張性強化手法},
volume = {57},
year = {2016}
}
@article{weko_147447_1,
author = {斉藤, 典明 and 金井, 敦 and 谷本, 茂明},
journal = {情報処理学会論文誌},
number = {1},
pages = {280--293},
title = {組織知識継承のための共有フォルダからの活動単位抽出アプローチ},
volume = {57},
year = {2016}
}
@article{2016s,
author = {稲葉, 通将 and 吉野, 友香 and 高橋, 健一},
doi = {10.1527/tjsai.DSF-505},
journal = {人工知能学会論文誌},
number = {1},
pages = {DSF--F{\_}1--9},
title = {対話システムが話し手役になるためのオープンドメイン独話生成},
volume = {31},
year = {2016}
}
@article{2018b,
author = {兼岩, 憲 and 藤原, 浩司},
doi = {10.1527/tjsai.E-H43},
journal = {人工知能学会論文誌},
number = {2},
pages = {E--H43{\_}1--10},
title = {{大規模RDFグラフに対するインデックス付きデータ圧縮と高速検索}},
volume = {33},
year = {2018}
}
@article{2017be,
author = {池田, 千登勢},
doi = {10.5057/jjske.TJSKE-D-17-00017},
journal = {日本感性工学会論文誌},
number = {3},
pages = {259--269},
title = {大規模空間における案内地図のデザインとわかりやすさに関する研究},
volume = {16},
year = {2017}
}
@article{2018c,
author = {熊谷, 充敏 and 岩田, 具治},
doi = {10.1527/tjsai.D-H92},
journal = {人工知能学会論文誌},
number = {2},
pages = {D--H92{\_}1--9},
title = {追加データを用いない未来の分類器学習法},
volume = {33},
year = {2018}
}
@article{2017p,
author = {伊藤, 詩乃 and 田中, 佑岳 and 狩野, 芳伸 and 榊原, 康文},
doi = {10.1527/tjsai.F-AI30Ge},
journal = {人工知能学会論文誌},
number = {2},
pages = {F--AI30Ge{\_}1--10},
title = {訂正記事: 医師国家試験を自動解答するプログラムの構築},
volume = {32},
year = {2017}
}
@article{2017db,
author = {鈴木, 秀顕 and 布川, 博士},
doi = {10.5057/jjske.TJSKE-D-16-00097},
journal = {日本感性工学会論文誌},
number = {2},
pages = {225--236},
title = {電子書籍およびその事業に関する研究文献の調査研究},
volume = {16},
year = {2017}
}
@article{weko_147450_1,
author = {早川, 知道 and 伊美, 裕麻 and 伊藤, 孝行},
journal = {情報処理学会論文誌},
number = {1},
pages = {305--318},
title = {{東日本大震災のクライシスマッピングの調査分析による日本のOpenStreetMapの発展のための課題}},
volume = {57},
year = {2016}
}
@article{2016t,
author = {広瀬, 俊亮 and 神津, 友武},
doi = {10.1527/tjsai.AI30-D},
journal = {人工知能学会論文誌},
number = {6},
pages = {AI30--D{\_}1--15},
title = {二重カーネル化スコアリングと行列カーネルを用いた異常検知},
volume = {31},
year = {2016}
}
@article{weko_147451_1,
author = {濵村, 朱里 and 福島, 拓 and 吉野, 孝 and 江種, 伸之},
journal = {情報処理学会論文誌},
number = {1},
pages = {319--330},
title = {日常利用可能なオフライン対応型災害時避難支援システム“あかりマップ”の実環境における利用可能性},
volume = {57},
year = {2016}
}
@article{2017q,
author = {岩澤, 有祐 and 矢入, 郁子 and 松尾, 豊},
doi = {10.1527/tjsai.A-G82},
journal = {人工知能学会論文誌},
number = {3},
pages = {A--G82{\_}1--11},
title = {半教師あり蒸留による深層学習に基づく行動認識モデルのユーザ適応},
volume = {32},
year = {2017}
}
@techreport{weko_157931_1,
author = {神薗, 誠 and 下村, 輝剛 and 田尻, 昌之 and 小野, 智司},
institution = {鹿児島大学理工学研究科情報生体システム工学専攻, 鹿児島大学理工学研究科情報生体システム工学専攻, 鹿児島大学理工学研究科情報生体システム工学専攻, 鹿児島大学理工学研究科情報生体システム工学専攻},
number = {19},
title = {{非組織符号化と対話型進化計算を用いたQRコードの装飾}},
year = {2016}
}
@article{weko_158117_1,
author = {長谷川, 皓一 and 山口, 由紀子 and 嶋田, 創 and 高倉, 弘喜},
journal = {情報処理学会論文誌},
number = {3},
pages = {836--848},
title = {標的型攻撃に対するインシデント対応支援システム},
volume = {57},
year = {2016}
}
@article{weko_158145_1,
author = {川口, 信隆 and 築地原, 護 and 井手口, 恒太 and 谷川, 嘉伸 and 冨村, 英勤},
journal = {情報処理学会論文誌},
number = {3},
pages = {1022--1039},
title = {不審活動の端末間伝搬に着目した標的型攻撃検知方式},
volume = {57},
year = {2016}
}
@article{weko_158150_1,
author = {有澤, 俊裕 and 大沢, 英一},
journal = {情報処理学会論文誌},
number = {3},
pages = {1049--1057},
title = {複雑ネットワークにおける選択的攻撃の影響と媒介中心性を考慮した修復手法},
volume = {57},
year = {2016}
}
@article{weko_158113_1,
author = {太田, 篤 and 松野, 雅也 and 川島, 龍太 and 松尾, 啓志},
journal = {情報処理学会論文誌},
number = {3},
pages = {812--822},
title = {複数の一貫性レベルを保証可能なバックエンドベースデータレプリケーション},
volume = {57},
year = {2016}
}
@article{2017ca,
author = {興梠, 盛剛 and 松田, 憲 and 楠見, 孝},
doi = {10.5057/jjske.TJSKE-D-17-00050},
journal = {日本感性工学会論文誌},
number = {1},
pages = {1--10},
title = {物体運動の運動要因が対象への情動認知に及ぼす影響},
volume = {17},
year = {2017}
}
@article{2017r,
author = {山根, 健},
doi = {10.1527/tjsai.A-G43},
journal = {人工知能学会論文誌},
number = {1},
pages = {A--G43{\_}1--12},
title = {分散表現と神経力学系のダイナミクスに基づく手の行動推定},
volume = {32},
year = {2017}
}
@article{weko_158152_1,
author = {谷垣, 宏一 and 撫中, 達司 and 匂坂, 芳典},
journal = {情報処理学会論文誌},
number = {3},
pages = {1069--1079},
title = {文脈と意味の対応密度最大化による教師なし語義曖昧性解消},
volume = {57},
year = {2016}
}
@article{2018d,
author = {濱口, 拓男 and 大岩, 秀和 and 新保, 仁 and 松本, 裕治},
doi = {10.1527/tjsai.F-H72},
journal = {人工知能学会論文誌},
number = {2},
pages = {F--H72{\_}1--10},
title = {未知エンティティを伴う知識ベース補完: グラフニューラルネットワークを用いたアプローチ},
volume = {33},
year = {2018}
}
@article{2017d,
author = {小島, 亮一 and 室伏, 俊明},
doi = {10.3156/jsoft.29.5_645},
journal = {知能と情報},
number = {5},
pages = {645--650},
title = {隣接行列表記されたスケールフリー構造を持つネットワークのファジィクラスタリング},
volume = {29},
year = {2017}
}
@article{2017cz,
author = {仁科, 伍浩 and 齋藤, 美穂},
doi = {10.5057/jjske.TJSKE-D-16-00090},
journal = {日本感性工学会論文誌},
number = {5},
pages = {431--437},
title = {嗜好の定量化による幼児の合成図形嗜好に及ぼす色と形の影響の検証},
volume = {16},
year = {2017}
}
